@article{greenwade93,
    author  = "George D. Greenwade",
    title   = "The {C}omprehensive {T}ex {A}rchive {N}etwork ({CTAN})",
    year    = "1993",
    journal = "TUGBoat",
    volume  = "14",
    number  = "3",
    pages   = "342--351"
  }
  
  @book{lamport94,
    author    = "Leslie Lamport",
    title     = "{\LaTeX: A Document Preparation System}",
    year      = "1994",
    publisher = "Addison-Wesley",
    address   = "Reading, Massachusetts"
  }
  
  @article{knuth84,
    author  = "Donald E. Knuth",
    title   = "Literate Programming",
    journal = "The Computer Journal",
    year    = "1984",
    volume  = "27",
    number  = "2",
    pages   = "97--111"
  }
  